<?xml version="1.0" encoding="UTF-8"?><collection xmlns="http://www.loc.gov/MARC21/slim"><record><leader>00440nam--2200145-i-4500</leader><controlfield tag="001">000016544</controlfield><controlfield tag="002">20161230</controlfield><controlfield tag="005">20161230201031</controlfield><controlfield tag="008">060222s1000------------r-----000-0-eng-d</controlfield><datafield ind1=" " ind2=" " tag="080"><subfield code="a">515.179:519.688:514.18</subfield></datafield><datafield ind1=" " ind2=" " tag="100"><subfield code="a">Armbruster, Dieter, Rand, Richard H</subfield></datafield><datafield ind1=" " ind2=" " tag="245"><subfield code="a">Perturbation methods, bifurcation theory and computer algebra</subfield></datafield><datafield ind1=" " ind2=" " tag="260"><subfield code="a">New York, Springer-verlag, 1987 243 P</subfield></datafield><datafield ind1=" " ind2=" " tag="490"><subfield code="a">Applied Mathematical Sciences</subfield></datafield><datafield ind1=" " ind2=" " tag="852"><subfield code="a">78669</subfield></datafield></record></collection>